<record><leader>00000cas a2200000 a 4500</leader><controlfield tag="001">23600515</controlfield><controlfield tag="008">910424d19221948nyuwr ne      0    0lad c</controlfield><datafield ind1=" " ind2=" " tag="010"><subfield code="a">sn 91066432 </subfield></datafield><datafield ind1=" " ind2=" " tag="040"><subfield code="a">NYS</subfield><subfield code="b">eng</subfield><subfield code="c">NYS</subfield><subfield code="d">MGN</subfield><subfield code="d">OCLCQ</subfield><subfield code="d">ORU</subfield><subfield code="d">OCLCQ</subfield><subfield code="d">OCLCF</subfield><subfield code="d">OCLCO</subfield></datafield><datafield ind1="1" ind2=" " tag="029"><subfield code="a">AU@</subfield><subfield code="b">000025907954</subfield></datafield><datafield ind1="0" ind2=" " tag="041"><subfield code="a">lad</subfield><subfield code="a">eng</subfield></datafield><datafield ind1=" " ind2=" " tag="042"><subfield code="a">pcc</subfield></datafield><datafield ind1=" " ind2=" " tag="043"><subfield code="a">n-us---</subfield></datafield><datafield ind1="0" ind2="3" tag="245"><subfield code="a">La vara =</subfield><subfield code="b">(The stick).</subfield></datafield><datafield ind1="3" ind2="1" tag="246"><subfield code="a">Stick</subfield></datafield><datafield ind1=" " ind2=" " tag="260"><subfield code="a">New York, N.Y. :</subfield><subfield code="b">Sephardic Press,</subfield><subfield code="c">1922-1948.</subfield></datafield><datafield ind1=" " ind2=" " tag="300"><subfield code="a">26 v.</subfield></datafield><datafield ind1=" " ind2=" " tag="310"><subfield code="a">Weekly</subfield></datafield><datafield ind1="0" ind2=" " tag="362"><subfield code="a">Vol. 1, no. 1 (Sept. 1, 1922)-v. 26, no. 25 (Feb. 20, 1948).</subfield></datafield><datafield ind1=" " ind2=" " tag="500"><subfield code="a">English title appears only on Sept. 1, 1922 issue.</subfield></datafield><datafield ind1=" " ind2=" " tag="530"><subfield code="a">Also issued on microfilm from Yeshiva University.</subfield></datafield><datafield ind1=" " ind2=" " tag="546"><subfield code="a">Text in Ladino (Hebrew script); includes English section, beginning Aug. 31, 1934.</subfield></datafield><datafield ind1=" " ind2="0" tag="650"><subfield code="a">Sephardim</subfield><subfield code="z">United States</subfield><subfield code="v">Newspapers.</subfield></datafield><datafield ind1=" " ind2="0" tag="650"><subfield code="a">Jewish newspapers</subfield><subfield code="z">United States.</subfield></datafield><datafield ind1=" " ind2="0" tag="651"><subfield code="a">New York (N.Y.)</subfield><subfield code="v">Newspapers.</subfield></datafield><datafield ind1=" " ind2="7" tag="655"><subfield code="a">Newspapers.</subfield><subfield code="2">fast</subfield><subfield code="0">(OCoLC)fst01423814</subfield></datafield><datafield ind1=" " ind2="7" tag="650"><subfield code="a">Jewish newspapers.</subfield><subfield code="2">fast</subfield><subfield code="0">(OCoLC)fst00982872</subfield></datafield><datafield ind1=" " ind2="7" tag="650"><subfield code="a">Sephardim.</subfield><subfield code="2">fast</subfield><subfield code="0">(OCoLC)fst01112767</subfield></datafield><datafield ind1=" " ind2="7" tag="651"><subfield code="a">New York (State)</subfield><subfield code="z">New York.</subfield><subfield code="2">fast</subfield><subfield code="0">(OCoLC)fst01204333</subfield></datafield><datafield ind1=" " ind2="7" tag="651"><subfield code="a">United States.</subfield><subfield code="2">fast</subfield><subfield code="0">(OCoLC)fst01204155</subfield></datafield><datafield ind1=" " ind2=" " tag="752"><subfield code="a">United States</subfield><subfield code="b">New York</subfield><subfield code="c">New York</subfield><subfield code="d">New York.</subfield></datafield></record>